% citekeyは命名ルールを設けておくと色々楽だと思う。ここでは下記のようにするものとする（[]は単なるセパレータ）。英字は全て小文字で統一する。
% [性]:[会議名略称][年][論文の一単語目]
