% citekeyは命名ルールを設けておくと色々楽だと思う。ここでは下記のようにするものとする（[]は単なるセパレータ）。英字は全て小文字で統一する。
% [性]:[会議名略称][年][論文の一単語目]

@inproceedings{bar:great2020coolname,
author = {Bar, Foo and Qux, Baz and Quuz, Quux and Grault, Corge},
title = {{CoolName}: Title of an Awesome Paper},
booktitle = {GREAT~'20: Proceedings of the Xth Whatever Conference on the Greatness of The World},
year = {2020},
}

@inproceedings{garply:happy2021anothercoolname,
author = {Waldo, Garply and Fred, Plugh},
title = {{AnotherCoolName}: Title of an Awesome Paper},
booktitle = {HAPPY~'21: Proceedings of the Yth Whatever Conference on the Happy Thesis Writing},
year = {2021},
}